[gd_scene load_steps=16 format=3 uid="uid://b5l2nnwdnjrac"]

[ext_resource type="FontFile" uid="uid://cig3fwocoy5jm" path="res://assets/dogicapixelbold.ttf" id="1_6l220"]
[ext_resource type="Script" path="res://scripts/Inheritance.gd" id="1_rp48e"]
[ext_resource type="Texture2D" uid="uid://cfayeuydhnfvn" path="res://Atlas/Knight.tres" id="2_kbnka"]
[ext_resource type="FontFile" uid="uid://csw0urp1mh1sc" path="res://assets/dogicapixel.ttf" id="2_md226"]
[ext_resource type="Texture2D" uid="uid://b871df5n7lx1g" path="res://Prefabs/bg.png" id="2_uy1p5"]
[ext_resource type="Script" path="res://scripts/CharCard.gd" id="3_6u5t8"]
[ext_resource type="Texture2D" uid="uid://x3436fhgy8ew" path="res://assets/icons/rpgicons.png" id="3_17lbf"]
[ext_resource type="Texture2D" uid="uid://clcr8cdegvfhp" path="res://assets/Pxiel Art UI borders.png" id="10_l5fyo"]

[sub_resource type="AtlasTexture" id="AtlasTexture_37bfy"]
atlas = ExtResource("3_17lbf")
region = Rect2(0, 1, 16, 15)

[sub_resource type="AtlasTexture" id="AtlasTexture_y0frh"]
atlas = ExtResource("3_17lbf")
region = Rect2(80, 15, 16, 18)

[sub_resource type="AtlasTexture" id="AtlasTexture_y5dm6"]
atlas = ExtResource("3_17lbf")
region = Rect2(32, 16, 16, 16)

[sub_resource type="AtlasTexture" id="AtlasTexture_vv48d"]
atlas = ExtResource("3_17lbf")
region = Rect2(49, 17, 14, 15)

[sub_resource type="AtlasTexture" id="AtlasTexture_tg2xl"]
atlas = ExtResource("3_17lbf")
region = Rect2(17, 32, 14, 16)

[sub_resource type="AtlasTexture" id="AtlasTexture_37rbg"]
atlas = ExtResource("3_17lbf")
region = Rect2(64, 16, 16, 16)

[sub_resource type="AtlasTexture" id="AtlasTexture_3noaf"]
atlas = ExtResource("10_l5fyo")
region = Rect2(19, 275, 90, 90)

[node name="Inheritance" type="Control"]
layout_mode = 3
anchors_preset = 15
anchor_right = 1.0
anchor_bottom = 1.0
grow_horizontal = 2
grow_vertical = 2
script = ExtResource("1_rp48e")
classes = Array[String](["Knight", "Axe", "Mage", "Priest"])
debug_parent = "Mage"
metadata/_edit_vertical_guides_ = []

[node name="TextureRect" type="TextureRect" parent="."]
layout_mode = 1
anchors_preset = 15
anchor_right = 1.0
anchor_bottom = 1.0
grow_horizontal = 2
grow_vertical = 2
texture = ExtResource("2_uy1p5")

[node name="Background" type="ColorRect" parent="."]
visible = false
layout_mode = 1
anchors_preset = 15
anchor_right = 1.0
anchor_bottom = 1.0
grow_horizontal = 2
grow_vertical = 2
color = Color(0.270588, 0.513726, 0.266667, 1)

[node name="MarginContainer" type="MarginContainer" parent="."]
layout_mode = 1
anchors_preset = 8
anchor_left = 0.5
anchor_top = 0.5
anchor_right = 0.5
anchor_bottom = 0.5
offset_left = -334.0
offset_top = -90.0
offset_right = 334.0
offset_bottom = 124.0
grow_horizontal = 2
grow_vertical = 2

[node name="HBoxContainer" type="HBoxContainer" parent="MarginContainer"]
layout_mode = 2
size_flags_horizontal = 4
theme_override_constants/separation = 20
alignment = 1

[node name="Char1" type="ColorRect" parent="MarginContainer/HBoxContainer"]
self_modulate = Color(1, 1, 1, 0.901961)
custom_minimum_size = Vector2(220, 180)
layout_mode = 2
size_flags_horizontal = 0
color = Color(0.14902, 0.305882, 0.14902, 1)
script = ExtResource("3_6u5t8")

[node name="ClassIcon" type="TextureRect" parent="MarginContainer/HBoxContainer/Char1"]
texture_filter = 1
layout_mode = 0
offset_right = 124.0
offset_bottom = 122.0
texture = ExtResource("2_kbnka")
expand_mode = 4
stretch_mode = 5

[node name="ClassName" type="Label" parent="MarginContainer/HBoxContainer/Char1"]
layout_mode = 1
anchors_preset = -1
anchor_left = 0.55
anchor_top = 0.0607477
anchor_right = 0.904545
anchor_bottom = 0.168224
grow_horizontal = 2
theme_override_fonts/font = ExtResource("2_md226")
text = "Knight"
metadata/_edit_use_anchors_ = true

[node name="LifeIcon" type="TextureRect" parent="MarginContainer/HBoxContainer/Char1"]
modulate = Color(1, 1, 1, 0.85098)
texture_filter = 1
layout_mode = 2
offset_left = 8.0
offset_top = 128.0
offset_right = 46.0
offset_bottom = 155.0
texture = SubResource("AtlasTexture_37bfy")
stretch_mode = 5

[node name="LifeValue" type="Label" parent="MarginContainer/HBoxContainer/Char1/LifeIcon"]
layout_mode = 1
anchors_preset = -1
anchor_left = 0.222727
anchor_top = 0.626168
anchor_right = 0.604545
anchor_bottom = 0.733645
offset_left = 31.5364
offset_top = -10.9065
offset_right = 59.0273
offset_bottom = 3.19159
grow_horizontal = 2
theme_override_fonts/font = ExtResource("2_md226")
text = "100"
metadata/_edit_use_anchors_ = true

[node name="WeaponDamage" type="TextureRect" parent="MarginContainer/HBoxContainer/Char1"]
modulate = Color(1, 1, 1, 0.85098)
texture_filter = 1
layout_mode = 2
offset_left = 9.0
offset_top = 155.0
offset_right = 47.0
offset_bottom = 182.0
texture = SubResource("AtlasTexture_y0frh")
stretch_mode = 5

[node name="DamageValue" type="Label" parent="MarginContainer/HBoxContainer/Char1/WeaponDamage"]
layout_mode = 1
anchors_preset = -1
anchor_left = 0.222727
anchor_top = 0.626168
anchor_right = 0.604545
anchor_bottom = 0.733645
offset_left = 31.5364
offset_top = -10.9065
offset_right = 59.0273
offset_bottom = 3.19159
grow_horizontal = 2
theme_override_fonts/font = ExtResource("2_md226")
text = "x1.5
"
metadata/_edit_use_anchors_ = true

[node name="SpellDamage" type="TextureRect" parent="MarginContainer/HBoxContainer/Char1"]
modulate = Color(1, 1, 1, 0.85098)
texture_filter = 1
layout_mode = 2
offset_left = 9.0
offset_top = 183.0
offset_right = 47.0
offset_bottom = 210.0
texture = SubResource("AtlasTexture_y5dm6")
stretch_mode = 5

[node name="DamageValue" type="Label" parent="MarginContainer/HBoxContainer/Char1/SpellDamage"]
layout_mode = 1
anchors_preset = -1
anchor_left = 0.222727
anchor_top = 0.626168
anchor_right = 0.604545
anchor_bottom = 0.733645
offset_left = 31.5364
offset_top = -10.9065
offset_right = 59.0273
offset_bottom = 3.19159
grow_horizontal = 2
theme_override_fonts/font = ExtResource("2_md226")
text = "x0.6"
metadata/_edit_use_anchors_ = true

[node name="SpeedIcon" type="TextureRect" parent="MarginContainer/HBoxContainer/Char1"]
modulate = Color(1, 1, 1, 0.85098)
texture_filter = 1
layout_mode = 1
anchors_preset = -1
anchor_left = 0.436364
anchor_top = 0.598131
anchor_right = 0.609091
anchor_bottom = 0.724299
texture = SubResource("AtlasTexture_vv48d")
stretch_mode = 5
metadata/_edit_use_anchors_ = true

[node name="SpeedValue" type="Label" parent="MarginContainer/HBoxContainer/Char1/SpeedIcon"]
layout_mode = 1
anchors_preset = -1
anchor_left = 0.222727
anchor_top = 0.626168
anchor_right = 0.604545
anchor_bottom = 0.733645
offset_left = 31.5364
offset_top = -10.9065
offset_right = 59.0273
offset_bottom = 3.19159
grow_horizontal = 2
theme_override_fonts/font = ExtResource("2_md226")
text = "x0.8"
metadata/_edit_use_anchors_ = true

[node name="ArmorIcon" type="TextureRect" parent="MarginContainer/HBoxContainer/Char1"]
modulate = Color(1, 1, 1, 0.85098)
texture_filter = 1
layout_mode = 1
anchors_preset = -1
anchor_left = 0.436364
anchor_top = 0.733645
anchor_right = 0.609091
anchor_bottom = 0.859813
texture = SubResource("AtlasTexture_tg2xl")
stretch_mode = 5
metadata/_edit_use_anchors_ = true

[node name="ArmorValue" type="Label" parent="MarginContainer/HBoxContainer/Char1/ArmorIcon"]
layout_mode = 1
anchors_preset = -1
anchor_left = 0.222727
anchor_top = 0.626168
anchor_right = 0.604545
anchor_bottom = 0.733645
offset_left = 31.5364
offset_top = -10.9065
offset_right = 59.0273
offset_bottom = 3.19159
grow_horizontal = 2
theme_override_fonts/font = ExtResource("2_md226")
text = "20"
metadata/_edit_use_anchors_ = true

[node name="LuckIcon" type="TextureRect" parent="MarginContainer/HBoxContainer/Char1"]
modulate = Color(1, 1, 1, 0.85098)
texture_filter = 1
layout_mode = 1
anchors_preset = -1
anchor_left = 0.436364
anchor_top = 0.85514
anchor_right = 0.609091
anchor_bottom = 0.981308
texture = SubResource("AtlasTexture_37rbg")
stretch_mode = 5
metadata/_edit_use_anchors_ = true

[node name="LuckValue" type="Label" parent="MarginContainer/HBoxContainer/Char1/LuckIcon"]
layout_mode = 1
anchors_preset = -1
anchor_left = 0.222727
anchor_top = 0.626168
anchor_right = 0.604545
anchor_bottom = 0.733645
offset_left = 31.5364
offset_top = -10.9065
offset_right = 59.0273
offset_bottom = 3.19159
grow_horizontal = 2
theme_override_fonts/font = ExtResource("2_md226")
text = "x1.0"
metadata/_edit_use_anchors_ = true

[node name="Border" type="TextureRect" parent="MarginContainer/HBoxContainer/Char1"]
modulate = Color(1, 0.698039, 0, 1)
self_modulate = Color(1, 1, 1, 0.784314)
texture_filter = 1
texture_repeat = 1
layout_mode = 0
offset_right = 220.0
offset_bottom = 214.0
texture = SubResource("AtlasTexture_3noaf")
metadata/_edit_lock_ = true

[node name="Class2" type="ColorRect" parent="MarginContainer/HBoxContainer"]
self_modulate = Color(1, 1, 1, 0.901961)
custom_minimum_size = Vector2(220, 180)
layout_mode = 2
size_flags_horizontal = 4
color = Color(0.150537, 0.30521, 0.148099, 1)
script = ExtResource("3_6u5t8")

[node name="ClassName" type="Label" parent="MarginContainer/HBoxContainer/Class2"]
layout_mode = 1
anchors_preset = -1
anchor_left = 0.545455
anchor_top = 0.0607477
anchor_right = 0.927273
anchor_bottom = 0.168224
offset_left = 2.99991
offset_right = -4.00006
offset_bottom = 6.10352e-05
grow_horizontal = 0
theme_override_fonts/font = ExtResource("2_md226")
text = "Priest"

[node name="ClassIcon" type="TextureRect" parent="MarginContainer/HBoxContainer/Class2"]
texture_filter = 1
layout_mode = 0
offset_right = 124.0
offset_bottom = 124.0
expand_mode = 4
stretch_mode = 5

[node name="LifeIcon" type="TextureRect" parent="MarginContainer/HBoxContainer/Class2"]
modulate = Color(1, 1, 1, 0.85098)
texture_filter = 1
layout_mode = 0
offset_left = 8.0
offset_top = 128.0
offset_right = 46.0
offset_bottom = 155.0
texture = SubResource("AtlasTexture_37bfy")
stretch_mode = 5

[node name="LifeValue" type="Label" parent="MarginContainer/HBoxContainer/Class2/LifeIcon"]
layout_mode = 1
anchors_preset = -1
anchor_left = 0.222727
anchor_top = 0.626168
anchor_right = 0.604545
anchor_bottom = 0.733645
offset_left = 31.5364
offset_top = -10.9065
offset_right = 59.0273
offset_bottom = 3.19159
grow_horizontal = 2
theme_override_fonts/font = ExtResource("2_md226")
text = "100"
metadata/_edit_use_anchors_ = true

[node name="WeaponDamage" type="TextureRect" parent="MarginContainer/HBoxContainer/Class2"]
modulate = Color(1, 1, 1, 0.85098)
texture_filter = 1
layout_mode = 0
offset_left = 9.0
offset_top = 155.0
offset_right = 47.0
offset_bottom = 182.0
texture = SubResource("AtlasTexture_y0frh")
stretch_mode = 5

[node name="DamageValue" type="Label" parent="MarginContainer/HBoxContainer/Class2/WeaponDamage"]
layout_mode = 1
anchors_preset = -1
anchor_left = 0.222727
anchor_top = 0.626168
anchor_right = 0.604545
anchor_bottom = 0.733645
offset_left = 31.5364
offset_top = -10.9065
offset_right = 59.0273
offset_bottom = 3.19159
grow_horizontal = 2
theme_override_fonts/font = ExtResource("2_md226")
text = "x1.3"
metadata/_edit_use_anchors_ = true

[node name="SpellDamage" type="TextureRect" parent="MarginContainer/HBoxContainer/Class2"]
modulate = Color(1, 1, 1, 0.85098)
texture_filter = 1
layout_mode = 0
offset_left = 9.0
offset_top = 183.0
offset_right = 47.0
offset_bottom = 210.0
texture = SubResource("AtlasTexture_y5dm6")
stretch_mode = 5

[node name="DamageValue" type="Label" parent="MarginContainer/HBoxContainer/Class2/SpellDamage"]
layout_mode = 1
anchors_preset = -1
anchor_left = 0.222727
anchor_top = 0.626168
anchor_right = 0.604545
anchor_bottom = 0.733645
offset_left = 31.5364
offset_top = -10.9065
offset_right = 59.0273
offset_bottom = 3.19159
grow_horizontal = 2
theme_override_fonts/font = ExtResource("2_md226")
text = "x0.8"
metadata/_edit_use_anchors_ = true

[node name="SpeedIcon" type="TextureRect" parent="MarginContainer/HBoxContainer/Class2"]
modulate = Color(1, 1, 1, 0.85098)
texture_filter = 1
layout_mode = 1
anchors_preset = -1
anchor_left = 0.436364
anchor_top = 0.598131
anchor_right = 0.609091
anchor_bottom = 0.724299
texture = SubResource("AtlasTexture_vv48d")
stretch_mode = 5
metadata/_edit_use_anchors_ = true

[node name="SpeedValue" type="Label" parent="MarginContainer/HBoxContainer/Class2/SpeedIcon"]
layout_mode = 1
anchors_preset = -1
anchor_left = 0.222727
anchor_top = 0.626168
anchor_right = 0.604545
anchor_bottom = 0.733645
offset_left = 31.5364
offset_top = -10.9065
offset_right = 59.0273
offset_bottom = 3.19159
grow_horizontal = 2
theme_override_fonts/font = ExtResource("2_md226")
text = "x0.8"
metadata/_edit_use_anchors_ = true

[node name="ArmorIcon" type="TextureRect" parent="MarginContainer/HBoxContainer/Class2"]
modulate = Color(1, 1, 1, 0.85098)
texture_filter = 1
layout_mode = 1
anchors_preset = -1
anchor_left = 0.436364
anchor_top = 0.733645
anchor_right = 0.609091
anchor_bottom = 0.859813
texture = SubResource("AtlasTexture_tg2xl")
stretch_mode = 5
metadata/_edit_use_anchors_ = true

[node name="ArmorValue" type="Label" parent="MarginContainer/HBoxContainer/Class2/ArmorIcon"]
layout_mode = 1
anchors_preset = -1
anchor_left = 0.222727
anchor_top = 0.626168
anchor_right = 0.604545
anchor_bottom = 0.733645
offset_left = 31.5364
offset_top = -10.9065
offset_right = 59.0273
offset_bottom = 3.19159
grow_horizontal = 2
theme_override_fonts/font = ExtResource("2_md226")
text = "20"
metadata/_edit_use_anchors_ = true

[node name="LuckIcon" type="TextureRect" parent="MarginContainer/HBoxContainer/Class2"]
modulate = Color(1, 1, 1, 0.85098)
texture_filter = 1
layout_mode = 1
anchors_preset = -1
anchor_left = 0.436364
anchor_top = 0.85514
anchor_right = 0.609091
anchor_bottom = 0.981308
texture = SubResource("AtlasTexture_37rbg")
stretch_mode = 5
metadata/_edit_use_anchors_ = true

[node name="LuckValue" type="Label" parent="MarginContainer/HBoxContainer/Class2/LuckIcon"]
layout_mode = 1
anchors_preset = -1
anchor_left = 0.222727
anchor_top = 0.626168
anchor_right = 0.604545
anchor_bottom = 0.733645
offset_left = 31.5364
offset_top = -10.9065
offset_right = 59.0273
offset_bottom = 3.19159
grow_horizontal = 2
theme_override_fonts/font = ExtResource("2_md226")
text = "x1.0"
metadata/_edit_use_anchors_ = true

[node name="Border" type="TextureRect" parent="MarginContainer/HBoxContainer/Class2"]
modulate = Color(1, 0.698039, 0, 1)
self_modulate = Color(1, 1, 1, 0.784314)
texture_filter = 1
texture_repeat = 1
layout_mode = 0
offset_right = 220.0
offset_bottom = 214.0
texture = SubResource("AtlasTexture_3noaf")
metadata/_edit_lock_ = true

[node name="Class3" type="ColorRect" parent="MarginContainer/HBoxContainer"]
self_modulate = Color(1, 1, 1, 0.901961)
custom_minimum_size = Vector2(220, 180)
layout_mode = 2
size_flags_horizontal = 8
color = Color(0.150537, 0.30521, 0.148099, 1)
script = ExtResource("3_6u5t8")

[node name="ClassName" type="Label" parent="MarginContainer/HBoxContainer/Class3"]
layout_mode = 1
anchors_preset = -1
anchor_left = 0.572727
anchor_top = 0.0607477
anchor_right = 0.909091
anchor_bottom = 0.168224
grow_horizontal = 2
theme_override_fonts/font = ExtResource("2_md226")
text = "Axe"
metadata/_edit_use_anchors_ = true

[node name="ClassIcon" type="TextureRect" parent="MarginContainer/HBoxContainer/Class3"]
texture_filter = 1
layout_mode = 0
offset_right = 124.0
offset_bottom = 122.0
expand_mode = 4
stretch_mode = 5

[node name="LifeIcon" type="TextureRect" parent="MarginContainer/HBoxContainer/Class3"]
modulate = Color(1, 1, 1, 0.85098)
texture_filter = 1
layout_mode = 0
offset_left = 8.0
offset_top = 128.0
offset_right = 46.0
offset_bottom = 155.0
texture = SubResource("AtlasTexture_37bfy")
stretch_mode = 5

[node name="LifeValue" type="Label" parent="MarginContainer/HBoxContainer/Class3/LifeIcon"]
layout_mode = 1
anchors_preset = -1
anchor_left = 0.222727
anchor_top = 0.626168
anchor_right = 0.604545
anchor_bottom = 0.733645
offset_left = 31.5364
offset_top = -10.9065
offset_right = 59.0273
offset_bottom = 3.19159
grow_horizontal = 2
theme_override_fonts/font = ExtResource("2_md226")
text = "100"
metadata/_edit_use_anchors_ = true

[node name="WeaponDamage" type="TextureRect" parent="MarginContainer/HBoxContainer/Class3"]
modulate = Color(1, 1, 1, 0.85098)
texture_filter = 1
layout_mode = 0
offset_left = 9.0
offset_top = 155.0
offset_right = 47.0
offset_bottom = 182.0
texture = SubResource("AtlasTexture_y0frh")
stretch_mode = 5

[node name="DamageValue" type="Label" parent="MarginContainer/HBoxContainer/Class3/WeaponDamage"]
layout_mode = 1
anchors_preset = -1
anchor_left = 0.222727
anchor_top = 0.626168
anchor_right = 0.604545
anchor_bottom = 0.733645
offset_left = 31.5364
offset_top = -10.9065
offset_right = 59.0273
offset_bottom = 3.19159
grow_horizontal = 2
theme_override_fonts/font = ExtResource("2_md226")
text = "x1.3"
metadata/_edit_use_anchors_ = true

[node name="SpellDamage" type="TextureRect" parent="MarginContainer/HBoxContainer/Class3"]
modulate = Color(1, 1, 1, 0.85098)
texture_filter = 1
layout_mode = 0
offset_left = 9.0
offset_top = 183.0
offset_right = 47.0
offset_bottom = 210.0
texture = SubResource("AtlasTexture_y5dm6")
stretch_mode = 5

[node name="DamageValue" type="Label" parent="MarginContainer/HBoxContainer/Class3/SpellDamage"]
layout_mode = 1
anchors_preset = -1
anchor_left = 0.222727
anchor_top = 0.626168
anchor_right = 0.604545
anchor_bottom = 0.733645
offset_left = 31.5364
offset_top = -10.9065
offset_right = 59.0273
offset_bottom = 3.19159
grow_horizontal = 2
theme_override_fonts/font = ExtResource("2_md226")
text = "x0.8"
metadata/_edit_use_anchors_ = true

[node name="SpeedIcon" type="TextureRect" parent="MarginContainer/HBoxContainer/Class3"]
modulate = Color(1, 1, 1, 0.85098)
texture_filter = 1
layout_mode = 1
anchors_preset = -1
anchor_left = 0.436364
anchor_top = 0.598131
anchor_right = 0.609091
anchor_bottom = 0.724299
texture = SubResource("AtlasTexture_vv48d")
stretch_mode = 5
metadata/_edit_use_anchors_ = true

[node name="SpeedValue" type="Label" parent="MarginContainer/HBoxContainer/Class3/SpeedIcon"]
layout_mode = 1
anchors_preset = -1
anchor_left = 0.222727
anchor_top = 0.626168
anchor_right = 0.604545
anchor_bottom = 0.733645
offset_left = 31.5364
offset_top = -10.9065
offset_right = 59.0273
offset_bottom = 3.19159
grow_horizontal = 2
theme_override_fonts/font = ExtResource("2_md226")
text = "x0.8"
metadata/_edit_use_anchors_ = true

[node name="ArmorIcon" type="TextureRect" parent="MarginContainer/HBoxContainer/Class3"]
modulate = Color(1, 1, 1, 0.85098)
texture_filter = 1
layout_mode = 1
anchors_preset = -1
anchor_left = 0.436364
anchor_top = 0.733645
anchor_right = 0.609091
anchor_bottom = 0.859813
texture = SubResource("AtlasTexture_tg2xl")
stretch_mode = 5
metadata/_edit_use_anchors_ = true

[node name="ArmorValue" type="Label" parent="MarginContainer/HBoxContainer/Class3/ArmorIcon"]
layout_mode = 1
anchors_preset = -1
anchor_left = 0.222727
anchor_top = 0.626168
anchor_right = 0.604545
anchor_bottom = 0.733645
offset_left = 31.5364
offset_top = -10.9065
offset_right = 59.0273
offset_bottom = 3.19159
grow_horizontal = 2
theme_override_fonts/font = ExtResource("2_md226")
text = "20"
metadata/_edit_use_anchors_ = true

[node name="LuckIcon" type="TextureRect" parent="MarginContainer/HBoxContainer/Class3"]
modulate = Color(1, 1, 1, 0.85098)
texture_filter = 1
layout_mode = 1
anchors_preset = -1
anchor_left = 0.436364
anchor_top = 0.85514
anchor_right = 0.609091
anchor_bottom = 0.981308
texture = SubResource("AtlasTexture_37rbg")
stretch_mode = 5
metadata/_edit_use_anchors_ = true

[node name="LuckValue" type="Label" parent="MarginContainer/HBoxContainer/Class3/LuckIcon"]
layout_mode = 1
anchors_preset = -1
anchor_left = 0.222727
anchor_top = 0.626168
anchor_right = 0.604545
anchor_bottom = 0.733645
offset_left = 31.5364
offset_top = -10.9065
offset_right = 59.0273
offset_bottom = 3.19159
grow_horizontal = 2
theme_override_fonts/font = ExtResource("2_md226")
text = "x1.0"
metadata/_edit_use_anchors_ = true

[node name="Border" type="TextureRect" parent="MarginContainer/HBoxContainer/Class3"]
modulate = Color(1, 0.698039, 0, 1)
self_modulate = Color(1, 1, 1, 0.784314)
texture_filter = 1
texture_repeat = 1
layout_mode = 0
offset_right = 220.0
offset_bottom = 214.0
texture = SubResource("AtlasTexture_3noaf")
metadata/_edit_lock_ = true

[node name="currPar" type="Label" parent="."]
unique_name_in_owner = true
layout_mode = 1
anchors_preset = -1
anchor_left = 0.0402778
anchor_top = 0.179167
anchor_right = 0.311111
anchor_bottom = 0.233333
text = "Parent: "
metadata/_edit_use_anchors_ = true

[node name="ColorRect" type="ColorRect" parent="."]
self_modulate = Color(1, 1, 1, 0.901961)
layout_mode = 1
anchors_preset = -1
anchor_left = 0.272222
anchor_top = 0.04375
anchor_right = 0.731944
anchor_bottom = 0.19375
color = Color(0.14902, 0.305882, 0.14902, 1)
metadata/_edit_use_anchors_ = true

[node name="Title" type="Label" parent="ColorRect"]
layout_mode = 1
anchors_preset = -1
anchor_left = 0.30198
anchor_top = 0.0694444
anchor_right = 0.69802
anchor_bottom = 0.930556
grow_horizontal = 2
grow_vertical = 2
theme_override_colors/font_shadow_color = Color(1, 0.698039, 0, 1)
theme_override_constants/shadow_offset_x = 0
theme_override_fonts/font = ExtResource("1_6l220")
text = "Character Selection"
horizontal_alignment = 1
vertical_alignment = 1
metadata/_edit_use_anchors_ = true

[connection signal="mouse_entered" from="MarginContainer/HBoxContainer/Char1" to="MarginContainer/HBoxContainer/Char1" method="_on_mouse_entered"]
[connection signal="mouse_exited" from="MarginContainer/HBoxContainer/Char1" to="MarginContainer/HBoxContainer/Char1" method="_on_mouse_exited"]
[connection signal="mouse_entered" from="MarginContainer/HBoxContainer/Class2" to="MarginContainer/HBoxContainer/Class2" method="_on_mouse_entered"]
[connection signal="mouse_exited" from="MarginContainer/HBoxContainer/Class2" to="MarginContainer/HBoxContainer/Class2" method="_on_mouse_exited"]
[connection signal="mouse_entered" from="MarginContainer/HBoxContainer/Class3" to="MarginContainer/HBoxContainer/Class3" method="_on_mouse_entered"]
[connection signal="mouse_exited" from="MarginContainer/HBoxContainer/Class3" to="MarginContainer/HBoxContainer/Class3" method="_on_mouse_exited"]
